
\begin{thebibliography}{breitestes Label}
	@book{cours_graphe,
	title  = "Th√©orie et algorithmique des graphes",
	author = "Jean-Charles \bsc{Delvenne}",
	publisher = "Universit\'e catholique de Louvain - \bsc{linma1691}",
	year = "2013",
}
\end{thebibliography}

